@inproceedings{Abadi:2016,
	Author = {Mart{\'\i}n Abadi and Paul Barham and Jianmin Chen and Zhifeng Chen Andy Davis and Jeffrey Dean and Matthieu Devin, Sanjay Ghemawat and Geoffrey Irving and Michael Isard and Manjunath Kudlur and Josh Levenberg and Rajat Monga and Sherry Moore and Derek G. Murray and Benoit Steiner and Paul Tucker and Vijay Vasudevan and Pete Warden and Martin Wicke and Yuan Yu and Xiaoqiang Zheng},
	Title = {TensorFlow: A System for Large-Scale Machine Learning},
	Booktitle = {Proceedings of the 12th USENIX Symposium on Operating Systems Design and Implementation},
	Pages = {265--283},
	Year = {2016}
}

@misc{Alexa:2019,
	Author = {{Alexa Internet, Inc.}},
	Title = {The top 500 sites on the web},
	Howpublished = {\url{https://www.alexa.com/topsites}},
	Note = {（2019/2/1存在確認）}
}

@article{Chatzopoulos:2017,
	Author = {Dimitris Chatzopoulos and Carlos Bermejo and Zhanpeng Huang and Pan Hui},
	Title = {Mobile Augmented Reality Survey: From Where We Are to Where We Go},
	Journal = {IEEE Access},
	Volume = {5},
	Number = {},
	Pages = {6917--6950},
	Year = {2017}
}

@misc{Chollet:2015,
	Author = {Fran\c{c}ois Chollet and others},
	Title = {Keras},
	Howpublished = {\url{https://keras.io}},
	Note = {（2019/1/29存在確認）}
}

@inproceedings{Deng:2009,
	Author = {Jia Deng and Wei Dong and Richard Socher and Li-Jia Li and Kai Li and Li Fei-Fei},
	Title = {ImageNet: A large-scale hierarchical image database},
	Booktitle = {2009 IEEE Conference on Computer Vision and Pattern Recognition},
	Pages = {248--255},
	Year = {2009}
}

@article{Doi:2018,
	Author = {土井 賢治},
	Title = {ディープラーニング活用事例と使いこなしの勘所：［画像処理分野］2．ラーメン画像からの全店舗識別},
	Journal = {情報処理},
	Volume = {59},
	Number = {11},
	Pages = {971--973},
	Year = {2018},
	Yomi = {Doi}
}

@inproceedings{Fujita:2013,
	Author	= {藤田 一秀 and 山本 真也 and 篠木 良 and 松下 光範},
  Title = {情報密集地域における情報識別性の向上を目指した提示手法の検討},
	Booktitle = {情報処理学会研究報告},
	Volume = {2013-HCI-154},
	Number = {3},
	Pages = {1--6},
	Year = {2013},
	Yomi = {fujita}
}

@article{Gerstweiler:2018,
	Author = {Georg Gerstweiler and Karl Platzer and Hannes Kaufmann},
	Title = {DARGS: Dynamic AR Guiding System for Indoor Environments},
	Journal = {Computers},
	Volume = {7(1)},
	Number = {5},
	Pages = {1--19},
	Year = {2018}
}

@inproceedings{Girshick:2014,
	Author = {Ross Girshick and Jeff Donahue and Trevor Darrell and Jitendra Malik},
	Title = {Rich Feature Hierarchies for Accurate Object Detection and Semantic Segmentation},
	Booktitle = {The IEEE Conference on Computer Vision and Pattern Recognition},
	Pages = {580--587},
	Year = {2014}
}

@inproceedings{Haklay:2008,
	Author = {Mordechai Haklay and Patrick Weber},
	Title = {OpenStreetMap: User-Generated Street Maps},
	Booktitle = {IEEE Pervasive Computing},
	Volume = {7},
	Number = {4},
	Pages = {12--18},
	Year = {2008}
}

@inproceedings{Hata:2016,
	Author = {Hajime Hata and Hideki Koike and Yoichi Sato},
	Title = {Visual Guidance with Unnoticed Blur Effect},
	Booktitle = {Proceedings of the International Working Conference on Advanced Visual Interfaces},
	Pages = {28--35},
	Year = {2016}
}

@inproceedings{Hayashida:2005,
	Author = {林田 尚子 and 石田 亨},
	Title = {街中における機械翻訳を介したコミュニケーションの支援},
	Booktitle = {情報科学技術フォーラム一般講演論文集},
	Volume = {4},
	Number = {3},
	Pages = {429--430},
	Year = {2005},
	Yomi = {hayashida}
}

@article{He:2016,
	Author = {Pan He and  Weilin Huang and Yu Qiao and Chen Change Loy and Xiaoou Tang},
	Title = {Reading Scene Text in Deep Convolutional Sequences},
	Journal = {Proceedings of the Thirtieth AAAI Conference on Artificial Intelligence},
	Pages = {3501--3508},
	Year = {2016}
}

@article{Huang:2017,
	Author = {Chao Huang and Hongliang Li and Wei Li and Qingbo Wu and Linfeng Xu},
	Title = {Store classification using Text-Exemplar-Similarity and Hypotheses-Weighted-CNN},
	Journal = {Journal of Visual Communication and Image Representation},
	Volume = {44},
	Pages = {21--28},
	Year = {2017}
}

@article{Iwanaji:2016,
	Author = {岩名地 良太 and 新田 知之 and 石川 和明 and 柳澤 政生 and 戸川 望},
	Title = {歩行者の視点情報に基づく屋内経路案内},
	Journal = {マルチメディア，分散協調とモバイルシンポジウム2016論文集},
	Volume = {2016},
	Pages = {1748--1756},
	Year = {2016},
	Yomi = {Iwanaji}
}

@misc{JNTO:2018,
	Author = {日本政府観光局},
	Title = {年別 訪日外客数，出国日本人数の推移},
	Howpublished = {\url{https://www.jnto.go.jp/jpn/statistics/marketingdata_outbound.pdf}},
	Note = {（2018/1/14存在確認）},
	Yomi = {nihonseihukankoukyoku}
}

@article{Kambara:2010,
	Author = {神原 誠之},
	Title = {基礎1: 拡張現実感（Augmented Reality: AR）概論},
	Journal = {情報処理},
	Volume = {51},
	Number = {4},
	Pages = {367--372},
	Year = {2010},
	Yomi = {kambara}
}

@article{Kato:2008,
	Author = {加藤 未佳 and 関口 克明},
	Title = {多数の視覚表示が混在した状況下における効率的な情報取得の為の提示手法に関する研究},
	Journal = {日本建築学会環境系論文集},
	Volume = {73},
	Number = {631},
	Pages = {1085--1091},
	Year = {2008},
	Yomi = {Kato}
}

@article{Kavati:2017,
	Author = {Ilaiah Kavati and G Kiran Kumar and Sarika Kesagani and K Srinivasa Rao},
	Title = {Signboard Text Translator: A Guide to Tourist},
	Journal = {International Journal of Electrical and Comupter Engineering},
	Volume = {7},
	Number = {5},
	Pages = {2496--2501},
	Year = {2017}
}

@inproceedings{Kawai:2016,
	Author = {Norihiko Kawai and Tomokazu Sato and Naokazu Yokoya},
	Title = {Diminished Reality Based on Image Inpainting Considering Background Geometry},
	Booktitle = {IEEE Transactions on Visualization and Computer Graphics},
	Volume = {22},
	Number = {3},
	Year = {2016}
}

@inproceedings{Kitamura:2017a,
	Author = {北村 茂生 and 松下 光範},
	Title = {看板密集地域における情報識別支援手法の改良},
	Booktitle = {情報処理学会研究報告},
	Volume = {2017-HCI-173},
	Number = {12},
	Pages = {1--7},
	Year = {2017},
	Yomi = {kitamura}
}

@inproceedings{Kitamura:2017b,
	Author = {Shigeo Kitamura and Mitsunori Matsushita},
	Title = {Information Identification Support Method for Areas with Densely Located Signboards},
	Booktitle = {Adjunct Publication of the 30th Annual ACM Symposium on User Interface Software and Technology},
	Pages = {159--160},
	Year = {2017}
}

@inproceedings{Kitamura:2018,
	Author = {Shigeo Kitamura and Kota Kita and Mitsunori Matsushita},
	Title = {Real-Time Recognition of Signboards with Mobile Device using Deep Learning for Information Identification Support System},
	Booktitle = {Proceedings of the Symposium on Spatial User Interaction},
	Pages = {178},
	Year = {2018}
}

@article{Koch:2014,
	Author = {Christian Koch and Matthias Neges and Markus König and Michael Abramovici},
	Title = {Natural markers for augmented reality-based indoor navigation and facility maintenance},
	Journal = {Automation in Construction},
	Volume = {48},
	Pages = {18--30},
	Year = {2014}
}

@article{Koyama:2016,
	Author = {小山 雅明 and 高橋 由樹 and 椎塚 久雄},
	Title = {``そそる看板''デザインの基礎的考察},
	Journal = {日本感性工学会論文誌},
	Volume = {15},
	Number = {1},
	Pages = {65--73},
	Year = {2016},
	Yomi = {Koyama}
}

@inproceedings{Krishna:2018,
	Author = {Onkar Krishna and Kiyoharu Aizawa and Saskia Reimerth},
	Title = {Signboard Saliency Detection in Street Videos},
	Booktitle = {2018 IEEE International Conference on Acoustics, Speech and Signal Processing},
	Pages = {1917--1921},
	Year = {2018}
}

@inproceedings{Lecun:1998,
	Author = {Yann Lecun and L\'eon Bottou and Yoshua Bengio and Patrick Haffner},
	Title = {Gradient-Based Learning Applied to Document Recognition},
	Booktitle = {Proceedings of the IEEE},
	Volume = {86},
	Number = {11},
	Pages = {2278--2324},
	Year = {1998}
}

@article{Lee:2016,
	Author = {ChienCheng Lee and ShangFei Shen},
	Title = {Feature Point Based Text Detection in Signboard Images},
	Journal = {2016 International Conference on Applied System Innovation},
	Pages = {1--4},
	Year = {2016}
}

@inproceedings{Mori:2017,
	Author = {Shohei Mori and Sei Ikeda and Hideo Saito},
	Title = {A survey of diminished reality: Techniques for visually concealing, eliminating, and seeing through real objects},
	Booktitle = {IPSJ Transactions on Computer Vision and Applications},
	Volume = {9},
	Number = {17},
	Pages = {1--14},
	Year = {2017}
}

@inproceedings{Nakayama:2015,
	Author = {中山 英樹},
	Title = {深層畳み込みニューラルネットワークによる画像特徴抽出と転移学習},
	Booktitle = {電子情報通信学会技術研究報告},
	Volume = {115},
	Number = {146},
	Pages = {55--59},
	Year = {2015},
	Yomi = {Nakayama}
}

@inproceedings{Nishikawa:2018,
	Author = {西川 由理 and 佐藤 仁 and 小澤 順},
	Title = {一般物体検出YOLOの分散深層学習による性能評価},
	Booktitle = {情報処理学会研究報告},
	Volume = {2018-HPC-166},
	Number = {12},
	Pages = {1--6},
	Year = {2018},
	Yomi = {Nishikawa}
}

@article{Ookawara:2015,
	Author = {大河原 一輝 and 平野 廣美 and 益子 宗 and 星野 准一},
	Title = {ショッピングモール型ECサイトのための店舗情報視覚化システム},
	Journal = {情報処理学会論文誌},
	Volume = {56},
	Number = {3},
	Pages = {847--855},
	Year = {2015},
	Yomi = {Ookawara}
}

@article{Rabbi:2013,
	Author = {Ihsan Rabbi and Sehat Ullah},
	Title = {A Survey on Augmented Reality Challenges and Tracking},
	Journal = {Acta graphica: znanstveni {\v{c}}asopis za tiskarstvo i grafi{\v{c}}ke komunikacije},
	Volume = {24},
	Number = {1--2},
	Pages = {29--46},
	Year = {2013}
}

@inproceedings{Redmon:2017,
	Author = {Joseph Redmon and Ali Farhadi},
	Title = {YOLO9000: Better, Faster, Stronger},
	Booktitle = {2017 IEEE Conference on Computer Vision and Pattern Recognition},
	Pages = {6517--6525},
	Year = {2017}
}

@inproceedings{Rehman:2015,
	Author = {Umair Rehman and Shi Cao},
	Title = {Augmented Reality-Based Indoor Navigation Using Google Glass as a Wearable Head-Mounted Display},
	Booktitle = {2015 IEEE International Conference on Systems, Man, and Cybernetics},
	Pages = {1452--1457},
	Year = {2015}
}

@article{Rehman:2017,
	Author = {Umair Rehman and Shi Cao},
	Title = {Augmented-Reality-Based Indoor Navigation: A Comparative Analysis of Handheld Devices Versus Google Glass},
	Journal = {IEEE Transactions on Human-Machine Systems},
	Volume = {47},
	Number = {1},
	Pages = {140--151},
	Year = {2017}
}

@inproceedings{Ren:2017,
	Author = {Shaoqing Ren and Kaiming He and Ross Girshick and Jian Sun},
	Title = {Faster R-CNN: Towards Real-Time Object Detection with Region Proposal Networks},
	Booktitle = {IEEE Transactions on Pattern Analysis and Machine Intelligence},
	Volume = {39},
	Number = {6},
	Pages = {1137--1149},
	Year = {2017}
}

@Book{Richert:2013,
	Author = {Willi Richert and Luis Pedro Coelho},
	Title = {Building Machine Learning Systems with Python},
	publisher = {Packt Publishing Ltd.},
	Year = {2013}
}

@inproceedings{Sasaki:2014,
	Author = {佐々木 隆行 and 陳 建軍 and 高木 昇},
	Title = {Toggle Mappingを用いた情景画像からの看板領域抽出},
	Booktitle = {日本知能情報ファジィ学会 ファジィ システム シンポジウム 講演論文集},
	Volume = {30},
	Pages = {476--479},
	Year = {2014},
	Yomi = {Sasaki}
}

@inproceedings{Simonyan:2015,
	Author = {Karen Simonyan and Andrew Zisserman},
	Title = {Very Deep Convolutional Networks for Large-Scale Image Recognition},
	Booktitle = {Computer Vision and Pattern Recognition. arXiv e-prints},
	Presentation = {arXiv:cs.CV/1409.1556v6},
	Year = {2015}
}

@article{Thorpe:1996,
	Author = {Simon Thorpe and Denis Fize and Catherine Marlot},
	Title = {Speed of processing in the human visual system},
	Journal = {Nature},
	Volume = {381},
	Number = {6582},
	Pages = {520--522},
	Year = {1996}
}

@article{Watanabe:2003,
	Author = {渡辺 聡 and 後藤 春彦 and 三宅 論 and 李 彰浩},
	Title = {商業地街路における歩行者の看板注視傾向に関する研究：銀座中央通りにおける歩行実験の分析},
	Journal = {日本建築学会計画系論文集},
	Volume = {68},
	Number = {574},
	Pages = {113--120},
	Year = {2003},
	Yomi = {Watanabe}
}

@article{Yokokawa:2000,
	Author = {横川 昇二},
	Title = {メディア景観の考察--都市環境を形成する広告・看板・情報の課題--},
	Journal = {デザイン学研究特集号},
	Volume = {8},
	Number = {1},
	Pages = {22--27},
	Year = {2000},
	Yomi = {Yokokawa}
}

@inproceedings{Yoshino:2013,
	Author = {吉野 孝 and 奥村 賢悟},
	Title = {迷いやすい人の特徴を考慮した屋内ナビゲーションシステムDoCoKaの開発と評価},
	Booktitle = {情報処理学会研究報告},
	Volume = {2013-GN-88},
	Number = {18},
	Pages = {1--8},
	Year = {2013},
	Yomi = {Yoshino}
}